@misc{dsgvo2024,
  author       = {DSGVO-Gesetz.de},
  title        = {DSGVO - Datenschutz-Grundverordnung},
  year         = {2024},
  url          = {https://dsgvo-gesetz.de/},
  note         = {Zugriff am: 29. Oktober 2024}
},

@misc{scrum2020,
  author       = {Ken Schwaber, Jeff Sutherland},
  title        = {The Scrum Guide},
  year         = {2020},
  url          = {https://www.scrum.org/resources/scrum-guide},
  note         = {Zugriff am: 29. Oktober 2024}
},

@online{dorsch_empirie,
  title = {Dorsch - Lexikon der Psychologie},
  author = {Hogrefe},
  year = {2024},
  url = {https://dorsch.hogrefe.com/stichwort/empirie},
  note = {Zugriff am: 30.10.2024}
},

@online{loewenstein,
  author = {{Löwenstein Medical}},
  url = {https://loewensteinmedical.com},
  note = {Zugriff am: 05.11.2024}
},

@article{OSA_Pathophysiology2019,
  author = {C.Heiser, D. Eckert},
  title = {Pathophysiologie der obstruktiven Schlafapnoe: Mechanismen und Phänotypen},
  journal = {HNO},
  year = {2019},
  volume = {67},
  doi = {10.1007/s00106-019-0720-9},
  url = {https://link.springer.com/article/10.1007/s00106-019-0720-9}
},

@article{DAE81892,
author = {Verse, Thomas and Hörmann, Karl},
title = {{Operative Therapie der Obstruktion bei schlafbezogenen Atmungsstörungen}},
journal = {Dtsch Arztebl International},
volume = {108},
number = {13},
pages = {216-221},
doi = {10.3238/arztebl.2010.0216},
year = {2011},
abstract = {Hintergrund: Die obstruktive Schlafapnoe (OSA) ist mit einer Prävalenz bei Erwachsenen von 20 Prozent für die milde OSA und von 6 bis 7 Prozent für die mittelschwere bis schwere Form weit verbreitet. Das primäre Schnarchen ist weitaus häufiger. Konservative Therapien wie die nächtliche Ventilationstherapie und Bissschienen sind erfolgreich, sofern die Hilfsmittel auch benutzt werden. Die zugrunde liegende Obstruktion wird dabei aber nicht beseitigt. Methode: Selektive Literaturrecherche bis einschließlich 2008 zum Stellenwert der chirurgischen Beseitigung der Obstruktion bei schlafbezogenen Atmungsstörungen (SBAS).Ergebnisse: Insgesamt gibt es fünf chirurgische Indikationsgebiete bei SBAS: Die Verbesserung der Nasenluftpassage zur Unterstützung der Ventilationstherapie, die primäre Chirurgie an Gaumentonsillen und Adenoiden bei kindlicher OSA, die minimalinvasive Chirurgie beim primären Schnarchen und geringgradiger OSA, die invasive Chirurgie bei milder OSA als primäre und sekundäre Therapieoption und die invasive Multi-Level-Chirurgie bei mittelschwerer bis schwerer OSA als Sekundärtherapie bei Versagen der Ventilationstherapie.Schlussfolgerung: Die chirurgische Beseitigung der Obstruktion bei obstruktiven SBAS ist in Ergänzung zu den etablierten konservativen Verfahren für spezielle Indikationen gerechtfertigt.},
URL = {https://www.aerzteblatt.de/int/article.asp?id=81892},
eprint = {https://www.aerzteblatt.de/pdf.asp?id=81892}
},

@manual{DGSM2017,
  title        = {S3-Leitlinie Nicht erholsamer Schlaf/Schlafstörung: Kapitel „Schlafbezogene Atmungsstörungen bei Erwachsenen“},
  author       = {{Deutsche Gesellschaft für Schlafforschung und Schlafmedizin}},
  year         = {2017},
  month        = {aug},
  version      = {2.0},
  organization = {AWMF},
  url          = {https://register.awmf.org/de/leitlinien/detail/063-001},
  note         = {Abgerufen am 25. November 2024}
},

@manual{manual_smart,
  title        = {Gebrauchsanweisung prisma SMART},
  author       = {Löwenstein Medical Technology},
  year         = {},
  url          = {https://loewensteinmedical.com/media/user_upload/pdf/gebrauchsanweisung/prisma-SMART-SOFT-sleep-therapy-user-manual-DE-65600.pdf}
}


